% Optional fields: volume/number, series, address, edition, month, note
@BOOK{bsp,
  author = {Author/Editor},
  title = {Title},
  publisher = {Publisher},
  year = {Year}
}

@online{online,
  author =  {}, 
  title =   {},
  url =     {},
  year =    {Stand: 25. {N}ov. 2020.  Abgerufen am 25. Nov. 2020}
}

@UNPUBLISHED{Skript,
  author = {Zoltan Vörös, Gregor Weihs},
  title = {Grundpraktikum 2: Lichtgeschwindigkeit},
  date = {2018-03-18}
}

@online{tutorial,
  author  = {Neha Desaraju}, 
  title   = {Hands-On Introduction to Reinforcement Learning in Python},
  url     = {https://towardsdatascience.com/hands-on-introduction-to-reinforcement-learning-in-python-da07f7aaca88},
  year    = {2022},
  month   = {7},
  day     = {8},
}

@online{eps_greedy,
  author =  {Avery Parkinson}, 
  title =   {The Epsilon-Greedy Algorithm for Reinforcement Learning},
  url =     {https://medium.com/analytics-vidhya/the-epsilon-greedy-algorithm-for-reinforcement-learning-5fe6f96dc870},
  year    = {2019},
  month   = {12},
  day     = {2},
}